<?xml version="1.0" encoding="UTF-8"?><collection xmlns="http://www.loc.gov/MARC21/slim"><record><leader>00408nam--2200121-i-4500</leader><controlfield tag="001">000035254</controlfield><controlfield tag="002">20161230</controlfield><controlfield tag="005">20161230201040</controlfield><controlfield tag="008">060222s1000------------r-----000-0-eng-d</controlfield><datafield ind1=" " ind2=" " tag="100"><subfield code="a">Pauling, Linus</subfield></datafield><datafield ind1=" " ind2=" " tag="245"><subfield code="a">The nature of the chemical bond and the structure of molecules and crystals: an introduction to modern chemistry. third edition</subfield></datafield><datafield ind1=" " ind2=" " tag="260"><subfield code="a">New York, Cornell Univ.Press, 1960, Xx + 644p</subfield></datafield><datafield ind1=" " ind2=" " tag="852"><subfield code="a">16306</subfield></datafield></record></collection>